
@article{weather-lstm,
    title = {Using recurrent neural networks for localized weather prediction with combined use of public airport data and on-site measurements},
    journal = {Building and Environment},
    volume = {192},
    pages = {107601},
    year = {2021},
    issn = {0360-1323},
    doi = {https://doi.org/10.1016/j.buildenv.2021.107601},
    author = {Jung Min Han and Yu Qian Ang and Ali Malkawi and Holly W. Samuelson}
}

@ARTICLE{genetic-algorithms,
  title     = "A review on genetic algorithm: past, present, and future",
  author    = "Katoch, Sourabh and Chauhan, Sumit Singh and Kumar, Vijay",
  journal   = "Multimed. Tools Appl.",
  publisher = "Springer Science and Business Media LLC",
  volume    =  80,
  number    =  5,
  pages     = "8091--8126",
  year      =  2021,
}


@incollection{pytorch,
title = {PyTorch: An Imperative Style, High-Performance Deep Learning Library},
author = {Paszke, Adam and Gross, Sam and Massa, Francisco and Lerer, Adam and Bradbury, James and Chanan, Gregory and Killeen, Trevor and Lin, Zeming and Gimelshein, Natalia and Antiga, Luca and Desmaison, Alban and Kopf, Andreas and Yang, Edward and DeVito, Zachary and Raison, Martin and Tejani, Alykhan and Chilamkurthy, Sasank and Steiner, Benoit and Fang, Lu and Bai, Junjie and Chintala, Soumith},
booktitle = {Advances in Neural Information Processing Systems 32},
pages = {8024--8035},
year = {2019},
publisher = {Curran Associates, Inc.}
}

@article{deap,
author = {Fortin, F\'{e}lix-Antoine and De Rainville, Fran\c{c}ois-Michel and Gardner, Marc-Andr\'{e} Gardner and Parizeau, Marc and Gagn\'{e}, Christian},
title = {DEAP: Evolutionary Algorithms Made Easy},
year = {2012},
issue_date = {January 2012},
publisher = {JMLR.org},
volume = {13},
number = {1},
issn = {1532-4435},
journal = {J. Mach. Learn. Res.},
month = {jul},
pages = {2171â€“2175},
numpages = {5},
keywords = {distributed evolutionary algorithms, software tools}
}


@misc{dataset,
  author = {Fabrizio Sandri},
  title = {Trentino Weather Station Dataset},
  year = {2022},
  publisher = {GitHub},
  journal = {GitHub repository},
  howpublished = {\url{https://github.com/FabrizioSandri/bio-inspired-ai-project/tree/main/data}}
}

@misc{github-repo,
  author = {Fabrizio Sandri},
  title = {Bio-inspired AI project},
  year = {2023},
  publisher = {GitHub},
  journal = {GitHub repository},
  howpublished = {\url{https://github.com/FabrizioSandri/bio-inspired-ai-project}}
}
